<record><leader>00000cas a22000007a 4500</leader><controlfield tag="001">28682435</controlfield><controlfield tag="008">930823d19811985azuwr ne      0    0eng d</controlfield><datafield ind1=" " ind2=" " tag="010"><subfield code="a">sn 93063649 </subfield></datafield><datafield ind1=" " ind2=" " tag="040"><subfield code="a">NYS</subfield><subfield code="b">eng</subfield><subfield code="c">NYS</subfield><subfield code="d">CNK</subfield><subfield code="d">NYS</subfield><subfield code="d">ANN</subfield><subfield code="d">OCLCQ</subfield><subfield code="d">OCLCF</subfield><subfield code="d">OCLCO</subfield></datafield><datafield ind1="1" ind2=" " tag="029"><subfield code="a">AU@</subfield><subfield code="b">000025878048</subfield></datafield><datafield ind1=" " ind2=" " tag="042"><subfield code="a">msc</subfield></datafield><datafield ind1=" " ind2=" " tag="043"><subfield code="a">n-us-az</subfield></datafield><datafield ind1="0" ind2=" " tag="130"><subfield code="a">Navajo-Hopi observer (Page, Ariz. : 1981)</subfield></datafield><datafield ind1="1" ind2="0" tag="245"><subfield code="a">Navajo-Hopi observer.</subfield></datafield><datafield ind1=" " ind2=" " tag="260"><subfield code="a">Page, Ariz. :</subfield><subfield code="b">Lake Powell Pub. Co.,</subfield><subfield code="c">1981-1985.</subfield></datafield><datafield ind1=" " ind2=" " tag="300"><subfield code="a">v.</subfield></datafield><datafield ind1=" " ind2=" " tag="310"><subfield code="a">Weekly</subfield></datafield><datafield ind1="0" ind2=" " tag="362"><subfield code="a">Vol. 1, no. 1 (Dec. 3, 1981)-v.4, no. 30 (June 26, 1985).</subfield></datafield><datafield ind1=" " ind2=" " tag="580"><subfield code="a">Merged with: Lake Powell chronicle (Page, Ariz. : 1965), to form: Navajo-Hopi observer &amp; Lake Powell chronicle.</subfield></datafield><datafield ind1=" " ind2="0" tag="650"><subfield code="a">Navajo Indians</subfield><subfield code="v">Newspapers.</subfield></datafield><datafield ind1=" " ind2="0" tag="650"><subfield code="a">Hopi Indians</subfield><subfield code="v">Newspapers.</subfield></datafield><datafield ind1=" " ind2="0" tag="651"><subfield code="a">Page (Ariz.)</subfield><subfield code="v">Newspapers.</subfield></datafield><datafield ind1=" " ind2="7" tag="655"><subfield code="a">Newspapers.</subfield><subfield code="2">fast</subfield><subfield code="0">(OCoLC)fst01423814</subfield></datafield><datafield ind1=" " ind2="7" tag="650"><subfield code="a">Hopi Indians.</subfield><subfield code="2">fast</subfield><subfield code="0">(OCoLC)fst00960099</subfield></datafield><datafield ind1=" " ind2="7" tag="650"><subfield code="a">Navajo Indians.</subfield><subfield code="2">fast</subfield><subfield code="0">(OCoLC)fst01034799</subfield></datafield><datafield ind1=" " ind2="7" tag="651"><subfield code="a">Arizona</subfield><subfield code="z">Page.</subfield><subfield code="2">fast</subfield><subfield code="0">(OCoLC)fst01216935</subfield></datafield><datafield ind1=" " ind2=" " tag="752"><subfield code="a">United States</subfield><subfield code="b">Arizona</subfield><subfield code="c">Coconino</subfield><subfield code="d">Page.</subfield></datafield><datafield ind1="1" ind2="7" tag="785"><subfield code="t">Lake Powell chronicle (Page, Ariz. : 1965)</subfield><subfield code="w">(DLC)sn 86091253</subfield></datafield><datafield ind1="1" ind2="7" tag="785"><subfield code="t">Navajo-Hopi observer &amp; Lake Powell chronicle</subfield><subfield code="w">(DLC)sn 95060935</subfield></datafield></record>